<?xml version="1.0" encoding="UTF-8"?><collection xmlns="http://www.loc.gov/MARC21/slim"><record><leader>00397nam--2200133-i-4500</leader><controlfield tag="001">000030498</controlfield><controlfield tag="002">20161230</controlfield><controlfield tag="005">20161230201038</controlfield><controlfield tag="008">060222s1000------------r-----000-0-eng-d</controlfield><datafield ind1=" " ind2=" " tag="080"><subfield code="a">546</subfield></datafield><datafield ind1=" " ind2=" " tag="100"><subfield code="a">Lux, Hermann</subfield></datafield><datafield ind1=" " ind2=" " tag="245"><subfield code="a">Anorganisch-chemische experimentierkunst. 3erweiterte verbesserte auflage. mit 362 abbildungen</subfield></datafield><datafield ind1=" " ind2=" " tag="260"><subfield code="a">Leipzig, Johann Ambrosius Barth, 1970, Xxi + 704p</subfield></datafield><datafield ind1=" " ind2=" " tag="852"><subfield code="a">36437</subfield></datafield></record></collection>